%% This BibTeX bibliography file was created using BibDesk.
%% https://bibdesk.sourceforge.io/

%% Created for Victor Verma at 2022-07-13 00:19:58 -0400 


%% Saved with string encoding Unicode (UTF-8) 

@book{pml2Book,
	author = {Kevin P. Murphy},
	date-added = {2022-07-13 00:11:24 -0400},
	date-modified = {2022-07-13 00:11:24 -0400},
	publisher = {MIT Press},
	title = {Probabilistic Machine Learning: Advanced Topics},
	url = {probml.ai},
	year = 2023,
	bdsk-url-1 = {probml.ai}}

@inproceedings{NEURIPS2020_1457c0d6,
	author = {Brown, Tom and Mann, Benjamin and Ryder, Nick and Subbiah, Melanie and Kaplan, Jared D and Dhariwal, Prafulla and Neelakantan, Arvind and Shyam, Pranav and Sastry, Girish and Askell, Amanda and Agarwal, Sandhini and Herbert-Voss, Ariel and Krueger, Gretchen and Henighan, Tom and Child, Rewon and Ramesh, Aditya and Ziegler, Daniel and Wu, Jeffrey and Winter, Clemens and Hesse, Chris and Chen, Mark and Sigler, Eric and Litwin, Mateusz and Gray, Scott and Chess, Benjamin and Clark, Jack and Berner, Christopher and McCandlish, Sam and Radford, Alec and Sutskever, Ilya and Amodei, Dario},
	booktitle = {Advances in Neural Information Processing Systems},
	date-added = {2022-07-13 00:12:22 -0400},
	date-modified = {2022-07-13 00:12:22 -0400},
	editor = {H. Larochelle and M. Ranzato and R. Hadsell and M.F. Balcan and H. Lin},
	pages = {1877--1901},
	publisher = {Curran Associates, Inc.},
	title = {Language Models are Few-Shot Learners},
	url = {https://proceedings.neurips.cc/paper/2020/file/1457c0d6bfcb4967418bfb8ac142f64a-Paper.pdf},
	volume = {33},
	year = {2020},
	bdsk-url-1 = {https://proceedings.neurips.cc/paper/2020/file/1457c0d6bfcb4967418bfb8ac142f64a-Paper.pdf}}
	
@misc{alammar2018,
	author = {Jay Alammar},
	date-added = {2022-07-13 00:19:29 -0400},
	date-modified = {2022-07-13 00:19:29 -0400},
	note = {Last accessed 7/13/22},
	title = {The Illustrated Transformer},
	url = {https://jalammar.github.io/illustrated-transformer/},
	year = {2018},
	bdsk-url-1 = {https://jalammar.github.io/illustrated-transformer/}}

@misc{alammar2019,
	author = {Jay Alammar},
	date-added = {2022-07-15 00:07:56 -0400},
	date-modified = {2022-07-15 00:07:56 -0400},
	note = {Last accessed 7/15/22},
	title = {The Illustrated GPT-2 (Visualizing Transformer Language Models)},
	url = {https://jalammar.github.io/illustrated-gpt2/},
	year = {2019},
	bdsk-url-1 = {https://jalammar.github.io/illustrated-gpt2/}}

@misc{alammar2020,
	author = {Jay Alammar},
	date-added = {2022-07-15 00:07:53 -0400},
	date-modified = {2022-07-15 00:07:53 -0400},
	note = {Last accessed 7/15/22},
	title = {How GPT3 Works - Visualizations and Animations},
	url = {https://jalammar.github.io/how-gpt3-works-visualizations-animations/},
	year = {2020},
	bdsk-url-1 = {https://jalammar.github.io/how-gpt3-works-visualizations-animations/}}